@misc{openai,
    title={Evolution Strategies as a Scalable Alternative to Reinforcement Learning},
    author={Tim Salimans and Jonathan Ho and Xi Chen and Szymon Sidor and Ilya Sutskever},
    year={2017},
    eprint={1703.03864},
    archivePrefix={arXiv},
    primaryClass={stat.ML}
}

@article{es,
author = {Beyer, Hans-Georg and Schwefel, Hans-Paul},
title = {Evolution Strategies –A Comprehensive Introduction},
year = {2002},
issue_date = {May 2002},
publisher = {Kluwer Academic Publishers},
address = {USA},
volume = {1},
number = {1},
issn = {1567-7818},
url = {https://doi.org/10.1023/A:1015059928466},
doi = {10.1023/A:1015059928466},
journal = {Natural Computing: An International Journal},
month = may,
pages = {3–52},
numpages = {50},
keywords = {evolutionary computation, Darwinian evolution, evolution strategies, design principles for genetic operators, optimization, computational intelligence}
}

@article{de,
author = {Storn, Rainer and Price, Kenneth},
title = {Differential Evolution – A Simple and Efficient Heuristic for Global Optimization over Continuous Spaces},
year = {1997},
issue_date = {December 1997},
publisher = {Kluwer Academic Publishers},
address = {USA},
volume = {11},
number = {4},
issn = {0925-5001},
url = {https://doi.org/10.1023/A:1008202821328},
doi = {10.1023/A:1008202821328},
journal = {J. of Global Optimization},
month = dec,
pages = {341–359},
numpages = {19},
keywords = {global optimization, genetic algorithm, nonlinear optimization, Stochastic optimization, evolution strategy}
}

@misc{nes,
    title={Natural Evolution Strategies},
    author={Daan Wierstra and Tom Schaul and Tobias Glasmachers and Yi Sun and Jürgen Schmidhuber},
    year={2011},
    eprint={1106.4487},
    archivePrefix={arXiv},
    primaryClass={stat.ML}
}

@article{otoro,
  title   = "A Visual Guide to Evolution Strategies",
  author  = "Ha, David",
  journal = "blog.otoro.net",
  year    = "2017",
  url     = "http://blog.otoro.net/2017/10/29/visual-evolution-strategies/"
}

@article{sim,
  title={Optimization by simulated annealing.},
  author={Scott Kirkpatrick and C. D. Gelatt and Mario P. Vecchi},
  journal={Science},
  year={1983},
  volume={220 4598},
  pages={
          671-80
        }
}

@INPROCEEDINGS{part,
author={J. {Kennedy} and R. {Eberhart}},
booktitle={Proceedings of ICNN'95 - International Conference on Neural Networks},
title={Particle swarm optimization},
year={1995},
volume={4},
number={},
pages={1942-1948 vol.4},
keywords={artificial intelligence;genetic algorithms;simulation;neural nets;search problems;particle swarm;optimization;nonlinear functions;evolution;neural network;artificial life;genetic algorithms;social metaphor;simulation;multidimensional search;Particle swarm optimization;Birds;Educational institutions;Marine animals;Testing;Humans;Genetic algorithms;Optimization methods;Artificial neural networks;Performance evaluation},
doi={10.1109/ICNN.1995.488968},
ISSN={null},
month={Nov},}

@article{scikit,
 title={Scikit-learn: Machine Learning in {P}ython},
 author={Pedregosa, F. and Varoquaux, G. and Gramfort, A. and Michel, V.
         and Thirion, B. and Grisel, O. and Blondel, M. and Prettenhofer, P.
         and Weiss, R. and Dubourg, V. and Vanderplas, J. and Passos, A. and
         Cournapeau, D. and Brucher, M. and Perrot, M. and Duchesnay, E.},
 journal={Journal of Machine Learning Research},
 volume={12},
 pages={2825--2830},
 year={2011}
}

@book{evo-book,
author = {Eiben, A. E. and Smith, James E.},
title = {Introduction to Evolutionary Computing},
year = {2015},
isbn = {3662448734},
publisher = {Springer Publishing Company, Incorporated},
edition = {2nd}
}

@article{molecules,
   title={Tree based machine learning framework for predicting ground state energies of molecules},
   volume={145},
   ISSN={1089-7690},
   url={http://dx.doi.org/10.1063/1.4964093},
   DOI={10.1063/1.4964093},
   number={13},
   journal={The Journal of Chemical Physics},
   publisher={AIP Publishing},
   author={Himmetoglu, Burak},
   year={2016},
   month={Oct},
   pages={134101}
}

@article{pulsar,
   title={Fifty Years of Pulsar Candidate Selection: From simple filters to a new principled real-time classification approach},
   author={R. J. Lyon, B. W. Stappers, S. Cooper, J. M. Brooke, J. D. Knowles},
   journal={Monthly Notices of the Royal Astronomical Society},
   volume={459},
   pages={1104--1123}
}